<?xml version="1.0" encoding="UTF-8"?><collection xmlns="http://www.loc.gov/MARC21/slim"><record><leader>00494nam--2200181-i-4500</leader><controlfield tag="001">000031344</controlfield><controlfield tag="002">20161230</controlfield><controlfield tag="005">20161230201038</controlfield><controlfield tag="008">060222s1000------------r-----000-0-fre-d</controlfield><datafield ind1=" " ind2=" " tag="040"><subfield code="a">IFIN-HH</subfield></datafield><datafield ind1=" " ind2=" " tag="041"><subfield code="a">fre</subfield></datafield><datafield ind1=" " ind2=" " tag="080"><subfield code="a">539.172.4</subfield></datafield><datafield ind1="1" ind2=" " tag="100"><subfield code="a">Massot Jean.Noel</subfield></datafield><datafield ind1="1" ind2="0" tag="245"><subfield code="a">Etude des reactions (n, alpha) a l'ide d'un modele d'interaction directe</subfield><subfield code="b">These</subfield><subfield code="c">Jean.noel massot</subfield></datafield><datafield ind1=" " ind2=" " tag="260"><subfield code="a">Lyon</subfield><subfield code="b">Univeriste</subfield><subfield code="c">1964</subfield></datafield><datafield ind1=" " ind2=" " tag="300"><subfield code="a">101P</subfield></datafield><datafield ind1=" " ind2=" " tag="852"><subfield code="a">18116</subfield><subfield code="c">539.17</subfield></datafield><datafield ind1=" " ind2=" " tag="CAT"><subfield code="a">Sys</subfield><subfield code="c">20120529</subfield><subfield code="h">134433</subfield></datafield></record></collection>